<?xml version="1.0" encoding="UTF-8"?><collection xmlns="http://www.loc.gov/MARC21/slim"><record><leader>00481nam--2200181-u-4500</leader><controlfield tag="001">000050664</controlfield><controlfield tag="002">20161230</controlfield><controlfield tag="005">20161230201048</controlfield><controlfield tag="008">080304s1000------------r-----000-0-eng-d</controlfield><datafield ind1=" " ind2=" " tag="020"><subfield code="a">0521785723</subfield></datafield><datafield ind1=" " ind2=" " tag="040"><subfield code="a">IFIN-HH</subfield></datafield><datafield ind1=" " ind2=" " tag="080"><subfield code="a">530.145:122/129</subfield></datafield><datafield ind1="1" ind2=" " tag="100"><subfield code="a">Penrose, R</subfield></datafield><datafield ind1="1" ind2="0" tag="245"><subfield code="a">The large, the small and the human mind</subfield><subfield code="c">Roger penrose</subfield></datafield><datafield ind1=" " ind2=" " tag="260"><subfield code="a">Cambridge</subfield><subfield code="b">Cambridge University Press</subfield><subfield code="c">2000</subfield></datafield><datafield ind1=" " ind2=" " tag="300"><subfield code="a">XXII+201 p</subfield></datafield><datafield ind1=" " ind2=" " tag="852"><subfield code="a">81986</subfield><subfield code="c">53</subfield></datafield><datafield ind1=" " ind2=" " tag="CAT"><subfield code="a">Sys</subfield><subfield code="c">20151012</subfield><subfield code="h">083838</subfield></datafield></record></collection>